<?xml version="1.0" encoding="UTF-8"?>
<record xmlns="http://www.loc.gov/MARC21/slim" xmlns:xsi="http://www.w3.org/2001/XMLSchema-instance" xsi:schemaLocation="http://www.loc.gov/MARC21/slim http://www.loc.gov/standards/marcxml/schema/MARC21slim.xsd">
<leader>     cam a2200289 a 4500</leader>
<controlfield tag="001">002889052</controlfield>
<controlfield tag="003">NNU</controlfield>
<controlfield tag="005">19940713181853.0</controlfield>
<controlfield tag="008">880216s1983    ir       b    000 0 arar</controlfield>
<datafield tag="010" ind1=" " ind2=" ">
<subfield code="a">85236448/NE</subfield>
</datafield>
<datafield tag="035" ind1="9" ind2=" ">
<subfield code="a">NYUb10607595</subfield>
</datafield>
<datafield tag="035" ind1=" " ind2=" ">
<subfield code="a">(CStRLIN)NYUG88-B4263</subfield>
</datafield>
<datafield tag="035" ind1=" " ind2=" ">
<subfield code="a">GLIS00607595X</subfield>
</datafield>
<datafield tag="040" ind1=" " ind2=" ">
<subfield code="d">CStRLIN</subfield>
</datafield>
<datafield tag="043" ind1=" " ind2=" ">
<subfield code="a">a-ir---</subfield>
</datafield>
<datafield tag="050" ind1="0" ind2=" ">
<subfield code="a">DS273</subfield>
<subfield code="b">.A39 1983</subfield>
</datafield>
<datafield tag="090" ind1=" " ind2=" ">
<subfield code="a">DS273</subfield>
<subfield code="b">.A39 1983</subfield>
<subfield code="i">03/01/88 CT</subfield>
</datafield>
<datafield tag="100" ind1="1" ind2=" ">
<subfield code="a">ʻAlī, Ṣāliḥ Aḥmad.</subfield>
</datafield>
<datafield tag="245" ind1="1" ind2="0">
<subfield code="a">Īrān-- :</subfield>
<subfield code="b">manẓūr tārīkhī lil-shakhṣīyah al-Īrānīyah /</subfield>
<subfield code="c">bi-qalam Ṣāliḥ Aḥmad al-ʻAlī, ʻAlāʼ Nawras, ʻImād ʻAbd al-Salām.</subfield>
</datafield>
<datafield tag="260" ind1=" " ind2=" ">
<subfield code="a">[Baghdād] :</subfield>
<subfield code="b">Markaz al-Buḥūth wa-al-Maʻlūmāt,</subfield>
<subfield code="c">1983.</subfield>
</datafield>
<datafield tag="300" ind1=" " ind2=" ">
<subfield code="a">96 p. ;</subfield>
<subfield code="c">24 cm.</subfield>
</datafield>
<datafield tag="504" ind1=" " ind2=" ">
<subfield code="a">Includes bibliographical references.</subfield>
</datafield>
<datafield tag="651" ind1=" " ind2="0">
<subfield code="a">Iran</subfield>
<subfield code="x">History</subfield>
<subfield code="v">Miscellanea.</subfield>
</datafield>
<datafield tag="700" ind1="1" ind2=" ">
<subfield code="a">Raʼūf, ʻImād ʻAbd al-Salām.</subfield>
</datafield>
<datafield tag="700" ind1="1" ind2=" ">
<subfield code="a">Nawras, ʻAlāʼ Mūsá Kāẓim.</subfield>
</datafield>
<datafield tag="OWN" ind1=" " ind2=" ">
<subfield code="a">GENERAL</subfield>
</datafield>
<datafield tag="950" ind1=" " ind2=" ">
<subfield code="l">BMAIN</subfield>
<subfield code="i">03/01/88 C</subfield>
</datafield>
<datafield tag="955" ind1=" " ind2=" ">
<subfield code="l">BMAIN</subfield>
<subfield code="c">1</subfield>
<subfield code="q">88-B4263-1</subfield>
<subfield code="r">012836691</subfield>
<subfield code="i">03/01/88 C</subfield>
</datafield>
<datafield tag="998" ind1=" " ind2=" ">
<subfield code="a">03/01/88</subfield>
<subfield code="t">b</subfield>
<subfield code="s">9110</subfield>
<subfield code="n">NNU</subfield>
<subfield code="w">DCLC85236448B</subfield>
<subfield code="d">02/16/88</subfield>
<subfield code="b">DR</subfield>
<subfield code="i">880301</subfield>
<subfield code="l">NYUG</subfield>
</datafield>
<datafield tag="AVA" ind1=" " ind2=" ">
<subfield code="a">NYU50</subfield>
<subfield code="b">BOBST</subfield>
<subfield code="c">Main Collection</subfield>
<subfield code="d">DS273 .A39 1983</subfield>
<subfield code="e">unavailable</subfield>
<subfield code="t">Unavailable</subfield>
<subfield code="f">1</subfield>
<subfield code="g">1</subfield>
<subfield code="h">N</subfield>
<subfield code="i">0</subfield>
<subfield code="j">MAIN</subfield>
<subfield code="k">0</subfield>
</datafield>
</record>
